\usepackage{url}

@article{Bourenane2021,
  title={Impact of land use changes on landslides occurrence in urban area: the case of the \uppercase{C}onstantine \uppercase{C}ity (\uppercase{NE} \uppercase{A}lgeria)},
  author={Bourenane, Hamid and Bouhadad, Youcef},
  journal={Geotechnical Geological Eng.},
  volume={39},
  number={6},
  pages={1--21},
  month = {Apr.},
  year={2021}
}
@inproceedings{Picarelli2021,
  title={The \uppercase{i}mpact of \uppercase{C}limate \uppercase{C}hange on \uppercase{L}andslide \uppercase{H}azard and \uppercase{R}isk},
  author={Picarelli, Luciano and Lacasse, Suzanne and Ho, Ken KS},
  booktitle={Proc. Worksh. World Landslide Forum},
  address={Kyoto, Japan},
  pages={131--141},
  month={Nov.},
  year={2020}
}
@article{sat-lo-2022,
 title= {Serious landslide on the route Da Lat - Mui Ne}, 
 year={2022},
 publisher ="https://blogtuan.info/2022/05/20/serious-landslide-on-the-route-da-lat-mui-ne/",
 note = "[Online; ]"
}
@article{Hung2015,
  title={Modeling and simulation of the effects of landslide on circulation of transports on the mountain roads},
  author={Nguyen, Manh Hung and Ho, Tuong Vinh and Nguyen, Trong Khanh and Do, Minh Duc},
  journal={Int. Journal Adv. Comput. Sci. Appl. (IJACSA)},
  volume={6},
  number={8},
  month = {Sep.},
  year={2015}
}
@article{Ma2021,
  title={Machine learning for landslides prevention: a survey},
  author={Ma, Zhengjing and Mei, Gang and Piccialli, Francesco},
  journal={Neural Comput. Appl.},
  volume={33},
  number={17},
  pages={10881--10907},
  month ={Nov.},
  year={2021}
}
@article{Tehrani2022,
  title={Machine learning and landslide studies: Recent advances and applications},
  author={Tehrani, Faraz S and Calvello, Michele and Liu, Zhongqiang and Zhang, Limin and Lacasse, Suzanne},
  journal={Natural Hazards},
  pages={1--49},
  month={Jun.},
  year={2022}
}
@article{Li2022,
  title={Research on Landslide Risk Assessment Based on \uppercase{C}onvolutional \uppercase{N}eural \uppercase{N}etwork},
  author={Li, Xia and Cheng, Jiulong and Yu, Dehao},
  journal={IEEE Trans. Geosci. Remote Sens. Lett. },
  volume={19},
  pages={1--5},
  month ={Jun.},
  year={2022}
}
@inproceedings{Kang2022,
  title={Integrative \uppercase{F}ew-\uppercase{S}hot \uppercase{L}earning for \uppercase{C}lassification and \uppercase{S}egmentation},
  author={Kang, Dahyun and Cho, Minsu},
  booktitle={Proc. IEEE/CVF Conf. Comput. Vision Pattern Recognit.},
  address={New Orleans, Louisiana},
  pages={9979--9990},
  month ={Jun.},
  year={2022}
}
@article{Prakash2021,
  title={A new strategy to map landslides with a generalized \uppercase{C}onvolutional \uppercase{N}eural \uppercase{N}etwork},
  author={Prakash, Nikhil and Manconi, Andrea and Loew, Simon},
  journal={Scientific reports},
  volume={11},
  number={1},
  pages={1--15},
  month ={Jun.},
  year={2021}
}
@article{Ghorbanzadeh2021,
  title={A comprehensive transferability evaluation of \uppercase{U}-\uppercase{N}et and \uppercase{R}es\uppercase{U}-\uppercase{N}et for landslide detection from \uppercase{S}entinel-2 data (case study areas from \uppercase{T}aiwan, \uppercase{C}hina, and \uppercase{J}apan)},
  author={Ghorbanzadeh, Omid and Crivellari, Alessandro and Ghamisi, Pedram and Shahabi, Hejar and Blaschke, Thomas},
  journal={Scientific Reports},
  volume={11},
  number={1},
  pages={1--20},
  month ={Jul.},
  year={2021}
}
@inproceedings{HongYu2017,
  title={A landslide intelligent detection method based on \uppercase{CNN} and \uppercase{RSG\_R}},
  author={Yu, Hong and Ma, Yi and Wang, Longfei and Zhai, Yongsai and Wang, Xiaoqian},
  booktitle={Proc. IEEE Int. Conf. Mechatronics Automat.(ICMA)},
  address ={Takamatsu, Japan},
  pages={40--44},
  month ={Aug.},
  year={2017}
}
@article{Haojie2021,
  title={Landslide identification using machine learning},
  author={Wang, Haojie and Zhang, Limin and Yin, Kesheng and Luo, Hongyu and Li, Jinhui},
  journal={Geosci. Frontiers},
  volume={12},
  number={1},
  pages={351--364},
  month ={Jan.},
  year={2021}
}
@inproceedings{Milos2009,
  title={Landslide susceptibility assessment with machine learning algorithms},
  author={Marjanovic, Milo{\v{s}} and Bajat, Branislav and Kovacevic, Milo{\v{s}}},
  booktitle={Proc. Int. Conf. Intell. Netw. Collaborative Syst.},
  address ={Barcelona, Spain},
  pages={273--278},
  month ={Nov.},
  year={2009}
}

@article{ChanW2014,
  title={Forested landslide detection using \uppercase{L}i\uppercase{DAR} data and the random forest algorithm: A case study of the \uppercase{T}hree \uppercase{G}orges, \uppercase{C}hina},
  author={Chen, Weitao and Li, Xianju and Wang, Yanxin and Chen, Gang and Liu, Shengwei},
  journal={Remote Sens. Environ.},
  volume={152},
  pages={291--301},
  month ={Sep.},
  year={2014}
}
@article{Chandra2012,
  title={Landslide susceptibility analysis using decision tree method, \uppercase{P}hidim, \uppercase{E}astern \uppercase{N}epal},
  author={Poudyal, Chandra Prakash},
  journal={Bull. Dept. Geol.},
  volume={15},
  pages={69--76},
  month={Jan.},
  year={2012}
}
@article{Ilia2016,
  title={Comparison of a logistic regression and \uppercase{N}a{\"\i}ve \uppercase{B}ayes classifier in landslide susceptibility assessments: The influence of models complexity and training dataset size},
  author={Tsangaratos, Paraskevas and Ilia, Ioanna},
  journal={Catena},
  volume={145},
  pages={164--179},
  month ={Oct.},
  year={2016}
}
@article{Lian2014,
  title={Extreme learning machine for the displacement prediction of landslide under rainfall and reservoir level},
  author={Lian, Cheng and Zeng, Zhigang and Yao, Wei and Tang, Huiming},
  journal={Stochastic Environ. Res. risk assessment},
  volume={28},
  number={8},
  pages={1957--1972},
  month={Dec.},
  year={2014}
}
@article{Badal2020,
  title={Spatial clustering and modelling for landslide susceptibility mapping in the north of the \uppercase{K}athmandu \uppercase{V}alley, \uppercase{N}epal},
  author={Pokharel, Badal and Althuwaynee, Omar F and Aydda, Ali and Kim, Sang-Wan and Lim, Samsung and Park, Hyuck-Jin},
  journal={Landslides},
  volume={18},
  number={4},
  pages={1403--1419},
  month ={Nov.},
  year={2021}
}
@article{TrongAn2020,
  title={Deep Learning for Landslide Recognition in Satellite Architecture},
  author={Bui, Trong-An and Lee, Pei-Jun and Lum, Kai-Yew and Loh, Clarissa and Tan, Kyo},
  journal={IEEE Access},
  volume={8},
  pages={143665--143678},
  month ={Aug.},
  year={2020}
}
@inproceedings{Anzi2016,
  title={Automatic recognition of landslide based on \uppercase{CNN} and texture change detection},
  author={Ding, Anzi and Zhang, Qingyong and Zhou, Xinmin and Dai, Bicheng},
  booktitle={Proc. 31st Youth Academic Annu. Chinese Assoc. Automat. (YAC)},
  address ={Wuhan, Hubei Province, China},
  pages={444--448},
  month ={Nov.},
  year={2016}
}
@inproceedings{Unet2015,
  title={\uppercase{U}-net: \uppercase{C}onvolutional networks for biomedical image segmentation},
  author={Ronneberger, Olaf and Fischer, Philipp and Brox, Thomas},
  booktitle={Proc. Int. Conf. Med. image Comput. computer-assisted intervention},
  address={Munich, Germany},
  pages={234--241},
  month = {Oct},
  year={2015}
}
@article{HuajinLi2022,
  title={Detection and segmentation of loess landslides via satellite images: A two-phase framework},
  author={Li, Huajin and He, Yusen and Xu, Qiang and Deng, Jiahao and Li, Weile and Wei, Yong},
  journal={Landslides},
  volume={19},
  number={3},
  pages={673--686},
  month ={Jan.},
  year={2022}
}
@article{Sansar2022,
  title={Landslide detection in the \uppercase{H}imalayas using machine learning algorithms and \uppercase{U}-\uppercase{N}et},
  author={Meena, Sansar Raj and Soares, Lucas Pedrosa and Grohmann, Carlos H and van Westen, Cees and Bhuyan, Kushanav and Singh, Ramesh P and Floris, Mario and Catani, Filippo},
  journal={Landslides},
  volume={19},
  number={5},
  pages={1209--1229},
  month={Fer.},
  year={2022}
}
@inproceedings{Zhunli2020,
  title={Semantic segmentation of landslide images in \uppercase{N}yingchi region based on \uppercase{PSPN}et network},
  author={Li, Zhun and Guo, Yonggang},
  booktitle={Proc. 7th Int. Conf. Inf. Sci. Control Eng. (ICISCE)},
  address={Kopaonik, Serbia},
  pages={1269--1273},
  month={Mar.},
  year={2020}
}
@article{Lucas2022,
  title={Landslide Segmentation with Deep Learning: Evaluating Model Generalization in Rainfall-Induced Landslides in \uppercase{B}razil},
  author={Soares, Lucas Pedrosa and Dias, Helen Cristina and Garcia, Guilherme Pereira Bento and Grohmann, Carlos Henrique},
  journal={Remote Sens.},
  volume={14},
  number={9},
  pages={2237},
  month ={May},
  year={2022}
}
@inproceedings{Kelsey2019,
  title={Infinite mixture prototypes for few-shot learning},
  author={Allen, Kelsey and Shelhamer, Evan and Shin, Hanul and Tenenbaum, Joshua},
  booktitle={Proc. Int. Conf. Machine Learning},
  address={California, America},
  pages={232--241},
  month = {Jun.},
  year={2019}
}
@inproceedings{Kaixin2019,
  title={\uppercase{P}anet: Few-shot image semantic segmentation with prototype alignment},
  author={Wang, Kaixin and Liew, Jun Hao and Zou, Yingtian and Zhou, Daquan and Feng, Jiashi},
  booktitle={Proc. IEEE/CVF Int. Conf. Comput. Vision},
  address = {Long Beach, California},
  pages={9197--9206},
  month = {Jun.},
  year={2019}
}
@article{Joaquin2018,
  title={Meta-learning: A survey},
  author={Vanschoren, Joaquin},
  journal={arXiv preprint arXiv:1810.03548},
  month={Oct.},
  year={2018}
}
@article{Mark2017,
  title={Active one-shot learning},
  author={Woodward, Mark and Finn, Chelsea},
  journal={arXiv preprint arXiv:1702.06559},
  month ={Fer.},
  year={2017}
}
@inproceedings{Brenden2011,
  title={One shot learning of simple visual concepts},
  author={Lake, Brenden and Salakhutdinov, Ruslan and Gross, Jason and Tenenbaum, Joshua},
  booktitle={Proc. Annu. Meeting Cogn. Sci. Soc.},
  address ={Boston,USA},
  volume={33},
  number={33},
  month ={Jul.},
  year={2011}
}
@article{Fei2006,
  title={One-shot learning of object categories},
  author={Fei-Fei, Li and Fergus, Robert and Perona, Pietro},
  journal={IEEE Trans. Pattern Anal. Mach. Intell.},
  volume={28},
  number={4},
  pages={594--611},
  month = {Apr.},
  year={2006}
}
@article{Lampert2013,
  title={Attribute-based classification for zero-shot visual object categorization},
  author={Lampert, Christoph H and Nickisch, Hannes and Harmeling, Stefan},
  journal={IEEE Trans. Pattern Anal. Mach. Intell.},
  volume={36},
  number={3},
  pages={453--465},
  month ={Jul.},
  year={2013}
}
@inproceedings{Larochelle2008,
  title={Zero-data learning of new tasks.},
  author={Larochelle, Hugo and Erhan, Dumitru and Bengio, Yoshua},
  booktitle={Proc. Assoc. Adv. Artif. Intell. (AAAI)},
  address={Chicago, Illinois},
  volume={1},
  number={2},
  pages={3},
  month ={Jul.},
  year={2008}
}
@inproceedings{Rohrbach2011,
  title={Evaluating knowledge transfer and zero-shot learning in a large-scale setting},
  author={Rohrbach, Marcus and Stark, Michael and Schiele, Bernt},
  booktitle={Proc. Conf. Comput. Vision Pattern Recognit. (CVPR)},
  address={Colorado Springs, CO, USA.},
  pages={1641--1648},
  month={Jun.},
  year={2011}
}
@inproceedings{Ding2017,
  title={Low-rank embedded ensemble semantic dictionary for zero-shot learning},
  author={Ding, Zhengming and Shao, Ming and Fu, Yun},
  booktitle={Proc. IEEE Conf. Comput. Vision Pattern Recognit. (CVPR)},
  address={Honolulu, Hawaii},
  pages={2050--2058},
  month = {Jul.},
  year={2017}
}
@article{Dhillon2020,
  title={A baseline for few-shot image classification},
  author={Dhillon, Guneet S and Chaudhari, Pratik and Ravichandran, Avinash and Soatto, Stefano},
  journal={arXiv preprint arXiv:1909.02729},
  month = {Sep.},
  year={2019}
}
@inproceedings{Chen2021,
  title={Self-supervised learning for few-shot image classification},
  author={Chen, Da and Chen, Yuefeng and Li, Yuhong and Mao, Feng and He, Yuan and Xue, Hui},
  booktitle={Proc. IEEE Int. Conf. Acoust. Speech Signal Process. (ICASSP)},
  address={Toronto, Canada},
  pages={1745--1749},
  month ={Jun.},
  year={2021}
}
@article{Liu2019,
  title={Deep few-shot learning for hyperspectral image classification},
  author={Liu, Bing and Yu, Xuchu and Yu, Anzhu and Zhang, Pengqiang and Wan, Gang and Wang, Ruirui},
  journal={IEEE Trans. Geosci. Remote Sens.},
  volume={57},
  number={4},
  pages={2290--2304},
  month ={Oct.},
  year={2018}
}
@inproceedings{Majee2021,
  title={Few-shot learning for road object detection},
  author={Majee, Anay and Agrawal, Kshitij and Subramanian, Anbumani},
  booktitle={Proc. Assoc. Adv. Artif. Intell.(AAAI) Workshop Meta-Learning MetaDL Challenge},
  address={Vancouver Convention Centre, Vancouver, Canada.},
  pages={115--126},
  month ={Fer.},
  year={2021}
}
@article{Das2019,
  title={A two-stage approach to few-shot learning for image recognition},
  author={Das, Debasmit and Lee, CS George},
  journal={IEEE Trans. Image Process.},
  volume={29},
  pages={3336--3350},
  month = {Dec.},
  year={2019}
}
@inproceedings{Boudiaf2021,
  title={Few-shot segmentation without meta-learning: A good transductive inference is all you need?},
  author={Boudiaf, Malik and Kervadec, Hoel and Masud, Ziko Imtiaz and Piantanida, Pablo and Ben Ayed, Ismail and Dolz, Jose},
  booktitle={Proc. IEEE/CVF Conf. Comput. Vision Pattern Recognit. (CVPR)},
  address ={Nashville, Tennessee Virtual/Online},
  pages={13979--13988},
  month = {Jun.},
  year={2021}
}
@inproceedings{lui2022modelling,
  title={Modelling of Pedestrian Movements near an Amenity in Walkways of Public Buildings},
  author={Lui, Andrew Kwok-Fai and Chan,Yin-Hei and Leung, Man-Fai},
  booktitle={Proc. 8th Int. Conf. Control Automat. Robot. (ICCAR)},
  address ={Beijing, China},
  pages={394--400},
  month ={April},
  year={2022}
}

@inproceedings{Dong2018,
  title={Few-shot semantic segmentation with prototype learning.},
  author={Dong, Nanqing and Xing, Eric P},
  booktitle={Proc. British Mach. Vision Conf. (BMVC)},
  address ={Newcastle, UK},
  volume={3},
  number={4},
  month = {Sep.},
  year={2018}
}
@inproceedings{lui2021modelling,
  title={Modelling of Destinations for Data-driven Pedestrian Trajectory Prediction in Public Buildings},
  author={Lui, Andrew Kwok-Fai and Chan, Yin-Hei and Man-Fai, Leung},
  booktitle={Proc. IEEE Int. Conf. Big Data (Big Data)},
  address ={Orlando, FL, USA},
  pages={1709--1717},
  month ={Dec.},
  year={2021}
}
@article{liu2019roadnet,
  title={Road\uppercase{N}et: Learning to comprehensively analyze road networks in complex urban scenes from high-resolution remotely sensed images},
  author={Liu, Yahui and Yao, Jian and Lu, Xiaohu and Xia, Menghan and Wang, Xingbo and Liu, Yuan},
  journal={IEEE Trans. Geosci. Remote Sens.},
  volume={57},
  number={4},
  pages={2043--2056},
  month = {Oct.},
  year={2018}
}

@InProceedings{Li_2019_ICCV,
author = {Li, Aoxue and Luo, Tiange and Xiang, Tao and Huang, Weiran and Wang, Liwei},
title = {Few-Shot Learning With Global Class Representations},
booktitle = {Proc. IEEE/CVF Int. Conf. Comput. Vision (ICCV)},
address ={Seoul, Korea},
pages={9715--9724},
month = {Nov.},
year = {2019}
}


@incollection{matias2016Poisson-Image-Editing,
  title={Poisson image editing},
  author={P{\'e}rez, Patrick and Gangnet, Michel and Blake, Andrew},
  booktitle={Assoc. Comput. Machinery's Special Interest Group Comput. Graph. Interactive Techn. (ACM SIGGRAPH) Papers},
  volume ={22},
  number={3},
  pages={313--318},
  month = {Jul.},
  year={2003}
}

@article{HSNet,
  author    = {Juhong Min and
               Dahyun Kang and
               Minsu Cho},
  title     = {Hypercorrelation Squeeze for Few-Shot Segmentation},
  journal   = {Comput. Res. Repository (CoRR)},
  volume    = {abs/2104.01538},
  month = {Apr.},
  year      = {2021},
  url       = {https://arxiv.org/abs/2104.01538},
  eprinttype = {arXiv},
  eprint    = {2104.01538},
  timestamp = {Mon, 12 Apr. 2021 16:14:56 +0200},
  biburl    = {https://dblp.org/rec/journals/corr/abs-2104-01538.bib},
  bibsource = {dblp computer science bibliography, https://dblp.org}
}


@article{PFENet,
  author    = {Zhuotao Tian and
               Hengshuang Zhao and
               Michelle Shu and
               Zhicheng Yang and
               Ruiyu Li and
               Jiaya Jia},
  title     = {Prior Guided Feature Enrichment Network for Few-Shot Segmentation},
  journal   = {Comput. Res. Repository (CoRR)},
  volume    = {abs/2008.01449},
  month = {Aug.},
  year      = {2020}
}

@INPROCEEDINGS{landslide_2stage,
  author={Vu, Hoai Nam and Nguyen, Huong Mai and Pham, Cuong Duc and Tran, Anh Dat and Trong, Khanh Nguyen and Pham, Cuong and Nguyen, Viet Hung},
  booktitle={Proc. Int. Conf. Multimedia Anal. Pattern Recognit. (MAPR)}, 
  title={Landslide Detection with Unmanned Aerial Vehicles}, 
  address ={Hanoi,Vietnam},
  volume={},
  number={},
  pages={1-7},
  month = {Oct.},
  year={2021},
  doi={10.1109/MAPR53640.2021.9585261}}
  
@article{iou,
  author    = {Seyed Hamid Rezatofighi and
               Nathan Tsoi and
               JunYoung Gwak and
               Amir Sadeghian and
               Ian D. Reid and
               Silvio Savarese},
  title     = {Generalized Intersection over Union: {A} Metric and {A} Loss for Bounding
               Box Regression},
  journal   = {Comput. Res. Repository (CoRR)},
  volume    = {abs/1902.09630},
  month ={Fer.},
  year      = {2019},
  url       = {http://arxiv.org/abs/1902.09630},
  eprinttype = {arXiv},
  eprint    = {1902.09630},
  timestamp = {Tue, 21 May 2019 18:03:36 +0200},
  biburl    = {https://dblp.org/rec/journals/corr/abs-1902-09630.bib},
  bibsource = {dblp computer science bibliography, https://dblp.org}
}
@article{kingma2014adam,
  title={Adam: A method for stochastic optimization},
  author={Kingma, Diederik P and Ba, Jimmy},
  journal={arXiv preprint arXiv:1412.6980},
  month = {Dec.},
  year={2014}
}  


